@book{grafakos2008classical,
  title={Classical Fourier Analysis},
  author={Grafakos, L},
  year={2008},
  publisher={Springer}
}
@book{ogrianoc,
  title={Notas de clase : Series de Fourier},
  author={Riaño, O.},
  year={2024},
  publisher={UNAL}
}
@book{iorio2001fourier,
  author    = {R. J. Iorio Jr. and V. d. M. A. Iorio},
  title     = {Fourier Analysis and Partial Differential Equations},
  volume    = {70},
  series    = {Cambridge Studies in Advanced Mathematics},
  publisher = {Cambridge University Press},
  address   = {Cambridge},
  year      = {2001}
}
@book{ioriojunior2001equacoes,
  author    = {R. Iório Júnior and V. d. M. A. Iório},
  title     = {Equações Diferenciais Parciais: Uma Introdução},
  series    = {Projeto Euclides},
  year      = {2001}
}
